@article{nonFourier,
  title={Fourier vs. non-Fourier band-limited jacobian inverse kinematics algorithms for mobile manipaulators},
  author={Tcho{\'n}, Krzysztof and Jakubiak, Janusz}
}

@article{coupled,
  title={Planowanie ruchu platformy mobilnej Rex ze sprzężonymi kołami bocznymi},
  author={Zadarnowska , Katarzyna and Tcho{\'n}, Krzysztof}
}

@article{ecs_ijc,
  title={Endogenous configuration space approach to mobile manipulators: a derivation and performance assessment of Jacobian inverse kinematics algorithms},
  author={Tcho{\'n}, Krzysztof and Jakubiak, Janusz},
  journal={International Journal of Control},
  volume={76},
  number={14},
  pages={1387--1419},
  year={2003},
  publisher={Taylor \& Francis}
}

@article{ratajczak2013multiple,
  title={Multiple-task motion planning of non-holonomic systems with dynamics},
  author={Ratajczak, A and Tchon, K},
  journal={Mech. Sci.},
  volume={4},
  number={1},
  pages={153--166},
  year={2013}
}